@misc{tan2020efficientnet,
      title={EfficientNet: Rethinking Model Scaling for Convolutional Neural Networks}, 
      author={Mingxing Tan and Quoc V. Le},
      year={2020},
      eprint={1905.11946},
      archivePrefix={arXiv},
      primaryClass={cs.LG}
}

@misc{tan2020efficientdet,
      title={EfficientDet: Scalable and Efficient Object Detection}, 
      author={Mingxing Tan and Ruoming Pang and Quoc V. Le},
      year={2020},
      eprint={1911.09070},
      archivePrefix={arXiv},
      primaryClass={cs.CV}
}

@misc{lin2018focal,
      title={Focal Loss for Dense Object Detection}, 
      author={Tsung-Yi Lin and Priya Goyal and Ross Girshick and Kaiming He and Piotr Doll√°r}, 
      year={2018},
      eprint={1708.02002},
      archivePrefix={arXiv},
      primaryClass={cs.CV}
}

@misc{sandler2019mobilenetv2,
      title={MobileNetV2: Inverted Residuals and Linear Bottlenecks}, 
      author={Mark Sandler and Andrew Howard and Menglong Zhu and Andrey Zhmoginov and Liang-Chieh Chen},
      year={2019},
      eprint={1801.04381},
      archivePrefix={arXiv},
      primaryClass={cs.CV}
}